<?xml version="1.0" encoding="UTF-8"?><collection xmlns="http://www.loc.gov/MARC21/slim"><record><leader>00480nam--2200181-i-4500</leader><controlfield tag="001">000029978</controlfield><controlfield tag="002">20161230</controlfield><controlfield tag="005">20161230201038</controlfield><controlfield tag="008">060222s1000------------r-----000-0-rum-d</controlfield><datafield ind1=" " ind2=" " tag="040"><subfield code="a">IFIN-HH</subfield></datafield><datafield ind1=" " ind2=" " tag="041"><subfield code="a">rum</subfield></datafield><datafield ind1=" " ind2=" " tag="080"><subfield code="a">501</subfield></datafield><datafield ind1="1" ind2=" " tag="100"><subfield code="a">Kuznetov, B.G</subfield></datafield><datafield ind1="1" ind2="0" tag="245"><subfield code="a">Evolutia imaginii stiintifice a lumii</subfield><subfield code="b">Traducere de e. friedlander</subfield><subfield code="c">B.g. kuznetov</subfield></datafield><datafield ind1=" " ind2=" " tag="260"><subfield code="a">Bucuresti</subfield><subfield code="b">Editura Stiintifica</subfield><subfield code="c">1962</subfield></datafield><datafield ind1=" " ind2=" " tag="300"><subfield code="a">355P</subfield></datafield><datafield ind1=" " ind2=" " tag="852"><subfield code="a">44417</subfield><subfield code="c">H.H</subfield></datafield><datafield ind1=" " ind2=" " tag="CAT"><subfield code="a">Sys</subfield><subfield code="c">20130402</subfield><subfield code="h">175005</subfield></datafield></record></collection>